2205 3032
1010 98 1087 136 227

384 221 765 277 college-dictaat
794 233 879 264 van
908 232 989 263 een
1017 220 1096 264 der
1124 222 1366 265 studenten
1395 222 1717 278 (Dogmatiek).

85 353 384 403 mogelijkheid
426 364 511 392 van
558 354 608 392 de
648 353 1046 400 wederopstanding
1075 352 1149 390 des
1179 353 1399 391 vleesches
1429 364 1530 392 voor
1557 356 1599 392 te
1628 354 1862 394 bereiden.'⁷
1895 356 1997 403 Diep

84 419 315 467 gevaarlijk
344 418 381 456 is
410 419 510 457 deze
539 419 637 468 1001,
668 429 751 466 nog
780 419 879 456 door
908 418 1001 456 vele
1030 418 1260 456 Ethischen
1289 421 1582 466 voorgestaan.
1613 421 1772 458 Luther
1807 421 1895 459 laat
1916 421 1998 459 dan

85 482 165 521 ook
205 483 258 532 bij
301 484 374 521 het
416 484 671 522 avondmaal
714 494 819 531 geen
866 483 1176 530 gemeenschap
1207 483 1383 521 oefenen
1412 486 1502 522 met
1532 485 1611 522 den
1642 485 1835 523 Christus
1873 486 1998 523 crusi-

86 547 210 596 fixus,
254 559 375 586 maar
404 550 494 587 met
522 550 595 587 het
641 560 792 597 corpus
835 547 1131 596 glorificatum,
1177 548 1249 586 dat
1292 548 1612 596 onmipraesent
1641 550 1684 587 in
1713 550 1786 587 het
1814 550 1998 588 lichaam

86 623 171 651 van
200 624 277 652 ons
306 625 385 652 zou
414 615 580 663 ingaan,
613 625 682 653 om
713 624 816 652 onze
846 612 1093 661 glorificatie
1123 623 1225 651 voor
1253 614 1296 651 te
1325 613 1533 652 bereiden.

141 679 227 717 Het
255 680 376 717 voert
405 690 508 718 naar
538 680 587 717 de
617 679 984 727 Apocalyptische‚
1006 678 1346 725 Theosophische
1366 679 2004 728 ῩῙο1111111011111001001,110ος01

90 744 189 782 door
218 744 392 793 Bohme,
423 755 480 783 nu
510 745 609 783 door
640 745 838 792 Gunning
868 754 901 783 e.
933 754 968 782 a.
999 744 1431 791 vertegenwoordigd.

142 874 201 912 De
245 873 447 912 officieele
477 875 661 913 stukken
692 876 764 914 der
793 875 1055 913 Luthersche
1084 874 1189 912 kerk
1217 875 1333 912 laten
1363 874 1454 913 zich
1484 885 1534 922 op
1566 874 1615 912 (10
1649 874 1855 923 volgende
1885 876 2004 923 Wijze

89 948 189 977 over
219 940 269 977 (10
299 940 490 986 quaestie
519 940 602 978 uit:

145 1003 342 1052 Apozoyia
387 1003 654 1053 Confessiom's
703 1004 983 1053 Augmstanae,
1013 1004 1103 1043 Art.
1134 1004 1255 1043 ΧΙΠ.
1289 1005 1420 1053 „Vere
1450 1004 1578 1051 igitur
1608 1006 1708 1042 sunt
1737 1007 2006 1043 sacramenta

90 1069 342 1117 baptismus,
374 1079 504 1107 coena
532 1069 713 1118 Domini,
744 1069 965 1118 absolutio,
996 1079 1103 1116 quae
1133 1070 1199 1107 est
1227 1071 1546 1107 sacramentum
1567 1070 1888 1117 poenitentiae.'⁷
1913 1071 2007 1108 Der-

91 1134 215 1171 halve
262 1144 417 1172 nemen
460 1145 508 1172 ze
551 1134 637 1172 drie
667 1136 966 1172 sacramenten
996 1145 1089 1172 aan.
1119 1134 1278 1172 Verder
1306 1135 1444 1172 wordt
1471 1135 1561 1172 hier
1590 1135 1737 1181 geheel
1766 1136 1839 1173 het
1868 1136 2007 1173 stand-

90 1201 195 1247 punt
237 1209 322 1237 van
364 1199 523 1237 Luther
565 1200 607 1237 111
650 1201 732 1248 zijii
774 1200 938 1238 tweede
981 1200 1149 1247 periode
1191 1201 1468 1247 ingenomen:
1515 1200 1590 1248 „Et
1624 1201 1748 1238 corda
1777 1201 1906 1238 simul
1936 1212 2008 1248 per

94 1265 273 1303 verbum
303 1267 346 1303 et
374 1265 505 1303 ritum
535 1267 682 1303 movet
711 1266 835 1314 Deus,
866 1266 914 1303 ut
943 1266 1117 1303 credant
1147 1267 1189 1304 et
1205 1266 1443 1313 concipiant
1462 1265 1603 1314 fidem,
1625 1266 1735 1304 sicut
1756 1266 1815 1304 ait
1830 1267 2005 1304 Paulus:

92 1331 218 1369 Fides
261 1341 314 1368 ex
357 1330 503 1368 auditu
546 1332 622 1369 est.
668 1331 784 1369 Sicut
814 1332 960 1368 autem
998 1331 1160 1368 verbun
1189 1331 1365 1368 incurrit
1394 1331 1437 1368 in
1467 1341 1602 1379 aures,
1633 1333 1681 1368 ut
1710 1332 1833 1369 feriat
1863 1332 2007 1370 corda:

93 1396 153 1434 ita
195 1396 303 1433 ritus
345 1395 434 1442 ipse
478 1395 654 1433 incurrit
696 1397 738 1434 in
781 1396 936 1444 0011100,
981 1397 1029 1433 111
1070 1397 1244 1434 moveat
1274 1396 1409 1434 corda.
1440 1396 1558 1434 Idem
1589 1396 1766 1434 effectus
1796 1399 1862 1434 est
1891 1398 2008 1435 verbi

92 1463 135 1499 et
163 1461 296 1499 ritus.
315 1491 322 1499 .
341 1491 375 1499 ..

148 1526 324 1564 Articuli
366 1525 643 1564 Smczlcaldici.
685 1525 793 1563 Pars
830 1525 909 1564 III.
952 1525 1041 1564 Art.
1093 1526 1135 1564 V.
1181 1526 1454 1574 „Baptismus
1495 1526 1600 1564 nihil
1628 1529 1694 1565 est
1723 1527 1848 1576 aliud,
1878 1538 2004 1574 quam

93 1592 271 1631 verbum
301 1591 377 1629 Dei
407 1601 502 1629 cum
534 1591 748 1628 mersione
778 1591 820 1628 in
850 1601 1017 1639 aquam,
1049 1592 1284 1629 secundum
1315 1592 1417 1630 otest

146 1657 209 1695 En
237 1656 281 1694 in
311 1656 360 1694 de
390 1655 815 1694 transsubstantiatie
845 1656 982 1693 wordt
1011 1656 1149 1694 alleen
1180 1657 1239 1694 (111
1273 1657 1557 1705 veroordeeld,
1589 1658 1661 1696 dat
1691 1658 1740 1695 (10
1769 1659 2007 1696 Roomsche

93 1722 199 1760 kerk
240 1721 359 1769 lecit,
404 1721 476 1758 dat
516 1720 645 1758 brood
689 1730 739 1758 011
784 1722 882 1769 Wijn
912 1721 1133 1768 ophouden
1164 1722 1224 1759 (111
1253 1723 1295 1759 10
1325 1724 1418 1770 zijn.
1449 1722 1539 1761 Art.
1569 1723 1646 1761 VI:
1681 1724 1763 1771 „Dc
1792 1725 2007 1761 transsub-

93 1786 369 1826 stantiatione
412 1785 697 1823 subtilitatem
741 1785 1018 1833 sophisticam
1062 1787 1164 1824 1111111
1210 1797 1421 1836 curamus7
1467 1798 1549 1834 qua
1586 1787 1752 1835 fingunt
1780 1799 1934 1835 panem
1966 1791 2008 1827 et

94 1853 243 1891 vinum
274 1851 509 1897 relinquere
541 1851 583 1888 et
612 1850 810 1888 amittere
841 1850 1082 1888 naturalem
1113 1861 1235 1889 suam
1259 1851 1559 1900 substantiam,
1578 1854 1620 1890 et
1635 1855 1804 1891 tantum
1822 1855 2004 1901 speciem

95 1920 137 1956 et
167 1917 349 1956 colorem
380 1916 502 1962 panis
532 1916 574 1952 et
603 1925 686 1953 non
716 1925 867 1952 verum
896 1925 1050 1962 panem
1082 1917 1342 1955 remanere’⁷.

152 1981 429 2021 catechismus
463 1979 610 2018 Minor.
640 1979 714 2018 IV.
758 1980 817 2017 De
861 1980 965 2027 doop
1009 1981 1146 2019 werkt
1180 1982 1229 2019 (10
1259 1982 1613 2031 wedergeboorte,
1645 1984 1700 2021 nl.
1730 1984 1803 2021 het
1832 1984 2008 2021 verbum

96 2048 170 2086 Dei
214 2047 256 2084 in
300 2046 342 2083 et
371 2044 449 2082 sub
480 2054 600 2091 aqua.
635 2044 737 2092 „Qui
766 2045 907 2091 potest
937 2055 1047 2091 aqua
1076 2047 1169 2083 tum
1199 2056 1381 2093 magnas
1410 2057 1478 2084 res
1509 2046 1705 2086 efficere?
1747 2049 1869 2095 Aqua
1898 2051 2010 2087 certe

93 2113 238 2150 tantas
280 2120 349 2148 res
391 2120 475 2147 non
518 2107 658 2156 efficit,
703 2109 777 2146 sed
823 2109 998 2147 verbum
1044 2110 1130 2159 Dei,
1163 2111 1271 2157 quod
1301 2112 1344 2149 in
1375 2114 1415 2149 et
1446 2123 1543 2150 cum
1574 2123 1683 2159 aqua
1712 2115 1788 2162 est,
1821 2116 1863 2151 01
1891 2113 2007 2162 fides,

94 2188 201 2225 quae
231 2176 359 2214 verbo
389 2175 463 2213 Dei
493 2184 627 2221 aquae
657 2174 798 2211 addito
828 2175 971 2213 credit.
1004 2175 1109 2223 Quia
1139 2186 1248 2222 aqua
1277 2177 1368 2214 sine
1398 2178 1527 2216 verbo
1556 2178 1631 2216 Dei
1666 2181 1731 2216 est
1760 2179 2009 2227 simpliciter

97 2253 206 2289 aqua
249 2243 291 2279 et
332 2251 416 2278 non
459 2241 525 2278 est
565 2239 817 2287 baptismus>
863 2240 936 2277 sed
980 2240 1120 2278 addito
1163 2241 1290 2279 verbo
1338 2242 1411 2279 Dei
1447 2244 1513 2280 est
1542 2243 1792 2291 baptismus,
1823 2244 1899 2281 hoc
1931 2247 2008 2292 est,

97 2306 298 2346 salutaris
341 2315 450 2353 aqua
478 2304 638 2352 gratiae
669 2306 711 2342 et
740 2305 853 2342 vitae
875 2306 916 2343 et
945 2305 1166 2343 lavacrum
1196 2308 1528 2353 regenerationis
1557 2308 1599 2345 in
1630 2308 1786 2355 Spiritu
1816 2309 2008 2348 Sanc-w&

152 2373 213 2411 En
257 2381 357 2410 over
398 2371 472 2408 1101
514 2370 841 2408 Sacramentum
885 2370 1044 2418 altaris.
1088 2371 1158 2409 VI.
1205 2371 1554 2419 „Sacramentum
1587 2373 1734 2411 altaris
1765 2376 1829 2411 cst
1859 2385 2008 2412 verum

98 2447 250 2485 corpus
293 2437 334 2474 01
378 2445 504 2473 verus
534 2435 709 2481 sanguis
738 2434 908 2472 Domini
937 2436 1072 2473 nostri
1103 2435 1205 2473 Jesu
1235 2436 1401 2485 01111011,
1433 2437 1511 2475 sub
1541 2448 1647 2484 pane
1678 2440 1720 2476 01
1748 2439 1858 2486 Vino,
1890 2440 2010 2477 nobis

100 2501 350 2542 Christianis
381 2500 432 2538 ad
460 2499 805 2538 manducandum
837 2509 886 2537 ac
915 2499 1134 2538 libendum
1165 2501 1216 2539 ab
1246 2502 1336 2549 ipso
1368 2502 1533 2540 Christo
1563 2503 1849 2542 institutunff’.

153 2566 354 2605 Formiala
396 2565 649 2612 Concordiae,
698 2564 753 2603 Π.
797 2564 916 2602 Pars.
964 2564 1050 2604 VH.
1082 2566 1144 2604 63.
1184 2567 1355 2614 „Altera
1383 2578 1483 2605 vero
1512 2569 1784 2606 manducatio
1827 2571 2011 2616 corporis

100 2632 256 2671 Christi
286 2632 351 2669 est
380 2629 717 2677 sacramentalis
749 2631 791 2667 et
820 2639 890 2667 010
919 2630 975 2677 fit,
1007 2631 1172 2676 quando
1203 2632 1245 2669 in
1276 2642 1397 2670 sacra
1426 2643 1556 2670 coena
1585 2644 1735 2671 verum
1757 2635 1799 2671 01
1819 2634 2011 2673 substan-

99 2697 201 2736 tiale
232 2706 381 2742 corpus
411 2696 453 2732 et
482 2694 656 2741 sanguis
686 2694 840 2732 Christi
871 2704 940 2732 ore
971 2695 1234 2742 accipiuntur
1255 2698 1381 2743 atque
1401 2698 1708 2745 participantur
1728 2699 1779 2736 ab
1801 2700 2010 2747 omnibus,

99 2762 170 2810 qui
198 2770 353 2809 panem
383 2759 504 2797 illum
534 2759 804 2797 benedictum
835 2759 877 2796 et
901 2759 1051 2797 vinum
1068 2760 1111 2797 in
1127 2771 1257 2799 coena
1273 2762 1485 2800 dominica
1502 2763 1632 2800 edunt
1653 2765 1695 2801 et
1711 2763 2010 2803 bibunt.”......

103 2826 252 2875 „Impii
280 2834 379 2862 vero
408 2824 520 2862 idem
551 2833 701 2870 corpus
732 2824 774 2861 et
803 2823 984 2861 eundem
1016 2826 1269 2871 sanguinem
1300 2827 1454 2865 Christi
1485 2828 1615 2866 etiam
1646 2839 1722 2866 suo
1752 2839 1834 2877 010,
1866 2830 1939 2867 sed
1961 2830 2012 2867 acl
