2205 3032
985 63 1061 100 235

342 182 722 238 college-dictant
751 195 836 226 van
870 195 951 226 een
979 183 1058 226 (101·
1082 182 1324 225 studenten
1354 179 1682 236 (Dogmatiek).

56 317 290 365 crutsigten
319 316 547 364 Christum,
577 315 658 353 mit
686 315 785 353 dem
813 314 975 362 fleysch
1004 314 1090 352 und
1120 314 1212 351 blut
1232 313 1387 352 Christi
1407 314 1621 360 gespyset‚
1643 313 1730 350 und
1749 311 1972 358 getrenckt

55 383 236 430 werden,
268 381 357 419 also
388 381 463 419 das
491 381 569 418 wir
598 381 713 418 sines
742 380 850 428 lybs,
882 380 945 417 als
975 389 1127 417 unsers
1157 378 1322 425 einigen
1352 378 1520 426 houbts,
1551 377 1696 425 giider,
1727 377 1770 415 in
1790 377 1862 425 im,
1884 376 1972 413 und

56 458 100 485 er
128 448 172 485 in
200 457 281 484 uns
310 446 416 494 labe,
448 446 582 484 damit
610 446 688 483 wir
718 455 787 483 am
815 445 1019 493 Jungsten
1047 445 1131 492 tag,
1163 444 1293 481 durch
1314 444 1368 492 in,
1390 444 1476 481 und
1496 443 1540 480 111
1560 443 1632 491 im,
1654 443 1698 480 in
1719 442 1784 480 die
1806 442 1975 488 ewigen

56 512 190 550 frowd
232 512 318 549 und
359 511 570 558 seiigkeyt
611 510 818 548 ufferstan
860 509 1095 548 werdend.'⁷
1142 510 1237 548 Men
1278 509 1394 546 heeft
1437 508 1515 545 dus
1544 508 1856 555 gemeenschap
1885 507 1976 544 met

56 577 194 624 ι102110,
239 587 291 614 00
334 576 521 614 daarvan
554 576 590 613 is
619 586 720 613 men
749 575 841 613 zich
870 575 1049 613 bewust.
1086 575 1201 612 Maar
1231 574 1281 612 de
1311 573 1571 621 subjectieve
1602 573 1709 610 daad
1739 572 1809 610 der
1838 571 1972 619 geloo-

56 642 182 689 vigen
211 642 325 680 staat
353 641 502 689 geheei
531 652 581 689 op
613 641 693 679 den
722 641 969 688 voorgrond‚
1001 640 1082 677 alie
1113 639 1346 687 objectieve
1377 639 1486 677 actie
1516 638 1751 676 ontbreekt.

112 707 161 745 In
191 708 240 745 de
270 707 446 745 Articuli
474 707 733 756 confessionis
761 706 1008 744 Basileensis
1036 705 1212 743 handelt
1246 704 1484 752 Disputatio
1521 704 1569 741 12
1605 704 1654 741 de
1690 702 1979 741 Sacramentis

60 772 285 811 Ecclesiae.
316 772 426 810 Deze
456 772 492 810 is
522 772 601 810 ook
629 772 777 819 geheel
807 770 1045 818 subjectief,
1076 769 1429 817 Zwingliaansch.
1461 770 1509 807 In
1538 770 1617 807 hac
1645 768 1834 807 Ecclesia
1862 778 1979 805 usur-

59 838 213 885 pantur
251 837 400 875 eadem
439 838 720 885 sacramenta,
760 837 960 874 videlicet
996 836 1258 883 Baptismus,
1290 835 1333 872 10
1362 835 1538 872 introitu
1568 835 1620 872 ad
1649 834 1905 880 Ecclesiam;
1937 834 1980 871 et

61 902 200 941 Coena
241 903 472 950 Dominica,
517 913 594 940 suo
636 904 827 949 tempore
870 900 1136 948 insequentis
1175 901 1301 948 vitae,
1334 900 1386 938 ad
1415 898 1734 937 testificandum
1763 897 1905 946 fidem,
1937 899 1980 935 et

60 967 293 1005 fraternam
324 968 597 1014 charitatem;
614 967 784 1005 01011110
800 966 1020 1014 Baptismo
1036 966 1296 1013 promissum
1317 965 1418 1003 est.'’
1439 964 1636 1002 Verband
1652 964 1790 1001 werdt
1805 963 1982 1010 gezocht

60 1033 265 1071 tusschen
300 1033 404 1080 doop
441 1043 493 1070 en
533 1031 800 1071 avondmaal.
839 1032 889 1069 In
925 1032 1005 1069 den
1042 1031 1147 1078 doop
1184 1040 1276 1068 was
1306 1030 1406 1068 door
1437 1030 1486 1068 de
1517 1030 1670 1068 ouders
1699 1028 1877 1076 beloofd,
1909 1028 1982 1066 dat

62 1098 135 1135 het
174 1097 275 1135 kind
316 1098 408 1135 zich
437 1107 518 1135 aan
548 1097 598 1135 de
628 1097 732 1135 kerk
762 1097 1006 1135 aansluiten
1035 1106 1126 1144 2011,
1159 1096 1210 1144 01]
1243 1096 1315 1133 1101
1345 1093 1601 1133 avondmaal
1632 1095 1728 1141 zegt
1755 1094 1829 1131 het
1857 1093 1977 1130 kind:

62 1163 165 1200 Hier
194 1162 275 1200 ben
303 1162 357 1211 ik,
389 1173 459 1200 om
489 1164 594 1211 mijn
623 1163 727 1210 doop
757 1164 799 1200 te
829 1162 1090 1209 bevestigen.
1123 1161 1320 1199 Evenzoo
1351 1160 1581 1208 disputatio
1614 1159 1674 1197 14.

116 1228 175 1265 De
208 1226 407 1276 Confessio
438 1226 657 1266 Gallicana
686 1228 808 1266 komt
837 1227 950 1276 bijna
979 1226 1128 1274 geheel
1158 1227 1248 1263 met
1277 1235 1381 1263 onze
1412 1224 1630 1263 Confessie
1660 1234 1853 1262 overeen.

116 1292 176 1329 De
223 1291 421 1341 Confessio
465 1292 620 1330 Scotica
655 1294 690 1331 1.
748 1293 989 1339 (Niemeyer
1031 1302 1124 1339 pag.
1168 1291 1272 1337 352),
1324 1292 1419 1337 zegt
1463 1290 1540 1335 (21.
1584 1289 1633 1327 de
1678 1288 1982 1333 Sacramentis)

69 1358 232 1406 „Atque
262 1358 538 1396 Sacramenta
567 1358 640 1395 iila
660 1360 751 1396 tam
771 1358 929 1396 veteris
950 1367 1077 1404 quam
1095 1357 1202 1394 Novi
1218 1355 1484 1393 Testamenti
1500 1365 1613 1392 nunc
1628 1365 1652 1392 a
1668 1355 1754 1392 Deo
1770 1354 1982 1401 instituta,

65 1432 148 1460 non
177 1423 348 1460 tantum
379 1423 601 1461 visibiliter
631 1423 740 1460 inter
768 1422 971 1470 populum
1003 1422 1093 1459 eius
1124 1422 1165 1459 et
1195 1431 1267 1459 eos
1296 1420 1367 1467 qui
1397 1421 1520 1458 extra
1543 1419 1691 1457 foedus
1718 1419 1980 1457 01101(1101111-

63 1498 203 1536 guere,
235 1488 309 1525 sed
339 1488 470 1526 etiam
502 1487 631 1526 fidem
661 1499 836 1526 suorum
857 1487 1042 1526 filiorum
1065 1497 1274 1535 exercere,
1298 1488 1340 1524 et
1359 1485 1729 1533 participationem
1752 1484 1983 1522 eorundem

69 1553 443 1592 Sacramentorum
479 1553 521 1591 in
560 1553 731 1591 illorum
772 1553 978 1601 cordibus,
1017 1552 1315 1590 certitudinem
1351 1550 1649 1598 promissionis
1694 1551 1796 1598 eius,
1829 1551 1871 1587 et
1900 1549 1984 1587 feli-

67 1618 265 1656 cissimae
294 1618 409 1656 illius
439 1619 760 1667 coniunctionis,
790 1618 960 1656 unionis
990 1620 1032 1656 et
1061 1617 1290 1665 societatis,
1322 1626 1452 1663 quam
1482 1616 1606 1654 010011
1637 1626 1735 1654 cum
1754 1615 1890 1663 capite
1908 1625 1985 1653 suo

67 1684 170 1722 Jesu
200 1683 365 1721 Christo
395 1684 564 1733 habent,
596 1684 856 1731 obsignare.'⁷

121 1748 180 1785 De
215 1750 513 1786 sacramenten
547 1750 629 1798 21]11
659 1749 738 1786 dus
767 1748 1087 1796 veldteekenen,
1118 1748 1319 1785 exercent
1348 1745 1489 1795 fldem,
1521 1746 1701 1792 (minder
1730 1745 1875 1783 zuiver
1904 1745 1986 1782 dan

70 1813 185 1851 alent
227 1812 367 1862 fidem,
412 1814 497 1863 wijl
532 1815 605 1852 het
632 1814 681 1862 is,
714 1813 826 1852 alsos
852 1814 902 1851 de
932 1813 1083 1851 kracht
1112 1813 1200 1850 niet
1229 1813 1381 1850 tevens
1410 1811 1547 1849 wordt
1576 1810 1903 1858 medegedeeid),
1935 1820 1987 1848 011

69 1879 118 1927 21]
150 1878 400 1925 verzegeien
430 1879 479 1917 de
509 1879 732 1917 zekerheid
763 1879 835 1917 der
864 1878 1019 1916 belofte
1050 1878 1174 1926 Gods,
1207 1887 1259 1915 en
1289 1887 1373 1915 van
1404 1877 1453 1914 de
1482 1876 1697 1924 mystieke
1717 1876 1826 1924 unie,
1849 1875 1986 1913 welke

72 1943 121 1981 de
164 1943 491 1982 uitverkorenen
533 1945 698 1983 hebben
740 1946 830 1982 met
875 1944 1080 1982 Christus.
1124 1943 1209 1981 Het
1248 1942 1500 1980 essentieeie
1530 1952 1615 1980 van
1643 1943 1716 1979 het
1745 1942 1988 1979 sacrament

73 2009 199 2047 drukt
241 2011 290 2059 21]
337 2010 454 2048 beter
496 2011 570 2059 uit,
614 2012 740 2057 tegeri
778 2010 960 2057 Zwingli
989 2009 1101 2047 kiest
1130 2010 1179 2057 21]
1211 2009 1345 2056 partij,
1377 2019 1429 2045 en
1458 2009 1507 2056 21]
1539 2008 1659 2045 komt
1689 2017 1870 2045 overeen
1898 2007 1989 2044 met

71 2075 144 2112 het
186 2075 401 2123 gevoelen,
446 2075 518 2113 dat
561 2075 723 2124 Calvijn
765 2075 808 2112 in
855 2076 938 2124 zijn
986 2075 1145 2112 laatste
1188 2074 1356 2121 periode
1400 2073 1495 2111 had.
1546 2073 1650 2121 „Sed
1693 2073 1792 2110 unio
1821 2073 1925 2110 haec
1956 2073 1998 2110 et

73 2140 321 2189 coniunctio,
366 2151 495 2188 quam
537 2141 746 2179 habemus
790 2150 887 2178 cum
931 2150 1100 2187 corpore
1145 2141 1187 2177 et
1228 2139 1434 2186 sanguine
1478 2139 1581 2177 Jesu
1614 2138 1769 2177 Christi
1798 2139 1841 2175 111
1870 2139 1985 2175 10010

73 2205 337 2243 Sacramenti
379 2216 472 2254 usu,
508 2206 749 2253 operatione
780 2206 962 2253 Spiritus
998 2205 1141 2243 Sancti
1171 2204 1363 2253 efficitur,
1396 2204 1466 2251 qui
1495 2215 1573 2242 nos
1604 2214 1706 2241 vera
1738 2202 1831 2251 fide,
1863 2213 1990 2250 supra

74 2271 217 2309 omnia
259 2281 365 2317 quae
400 2271 609 2319 videntur,
639 2281 830 2318 quaeque
860 2270 1046 2308 carnalia
1076 2272 1118 2308 et
1146 2270 1368 2308 terrestria
1398 2271 1510 2318 sunt,
1541 2270 1670 2317 vehit,
1703 2271 1745 2306 et
1773 2270 1820 2307 ut
1849 2278 1991 2307 vesca-

73 2346 170 2373 mur
213 2346 383 2384 corpore
413 2338 455 2374 et
485 2336 692 2384 sanguine
722 2336 825 2374 ι10211
856 2335 1012 2374 Christi
1042 2335 1176 2374 semel
1206 2346 1280 2383 pro
1310 2335 1431 2373 nobis
1461 2335 1584 2373 effusi
1614 2336 1656 2372 et
1684 2334 1818 2382 fracti,
1850 2333 1990 2381 efficit,

75 2402 268 2448 quodque
312 2412 424 2440 nunc
468 2404 534 2440 est
578 2402 621 2440 in
657 2402 784 2450 coelo,
816 2403 858 2439 et
887 2402 930 2439 in
958 2401 1201 2449 praesentia
1229 2401 1368 2439 Patris
1397 2411 1471 2448 pro
1501 2400 1622 2438 nobis
1653 2399 1861 2447 apparet.”
1894 2399 1991 2436 Ver-

72 2466 199 2504 keerd
242 2466 278 2503 is
322 2467 371 2504 de
413 2467 709 2514 uitdrukking:
758 2468 897 2515 „certo
944 2466 1169 2514 credimus,
1213 2476 1286 2513 per
1330 2466 1608 2513 baptismum,
1647 2475 1724 2502 nos
1754 2465 1796 2501 in
1826 2463 1992 2503 Christo

74 2530 178 2568 ι10211
221 2530 384 2580 inseri,'⁷
418 2534 537 2570 want
566 2533 666 2570 (1020
697 2533 937 2580 inplanting
966 2532 1185 2578 geschiedt
1215 2531 1267 2579 01]
1300 2531 1349 2568 de
1379 2531 1733 2578 wedergeboorte.
1764 2530 1818 2567 Ze
1849 2529 1992 2567 onder-

73 2595 237 2633 scheidt
266 2595 354 2633 niet
382 2597 454 2634 het
482 2597 700 2644 ingepIant
727 2597 899 2635 worden
929 2597 972 2634 in
1002 2596 1197 2634 Christus
1222 2596 1331 2643 quod
1357 2596 1409 2633 ad
1429 2594 1558 2633 fidem
1579 2596 1621 2633 et
1641 2595 1750 2641 quod
1771 2595 1823 2632 ad
1843 2595 1990 2632 vitam.

129 2660 214 2698 Het
253 2660 451 2699 karakter
496 2662 568 2700 der
609 2663 771 2709 genade
814 2663 850 2700 is
885 2662 1077 2700 evenwel
1107 2662 1196 2699 niet
1227 2661 1460 2699 voldoende
1490 2660 1853 2707 gespeciaiiseerd.
1897 2659 1992 2697 Wel

75 2725 246 2772 spreekt
274 2736 321 2763 ze
351 2736 434 2764 van
464 2737 541 2764 een
570 2728 767 2774 genieten
797 2737 880 2765 Van
911 2726 1116 2775 Christus,
1152 2737 1237 2764 van
1270 2737 1348 2764 een
1378 2726 1542 2763 fructus
1572 2725 1782 2772 mysticae
1812 2724 1990 2762 actionis

77 2790 257 2837 Spiritus
287 2791 440 2840 Sancti,
470 2803 590 2830 maai·
620 2803 667 2830 ze
697 2794 794 2840 zegt
822 2792 921 2840 niet,
952 2792 1114 2830 waarin
1145 2792 1205 2829 dit
1234 2791 1435 2839 eigenlijk
1467 2791 1649 2829 bestaat.
