2205 3032
984 99 1059 144 143

350 227 730 283 college-dictaat
759 240 843 270 van
873 240 955 271 een
983 228 1062 271 der
1089 229 1332 273 studenten
1363 231 1689 285 (Dogmatiek).

119 360 378 398 Turrettimcs
408 360 621 411 (Quaestio
651 360 743 407 XX,
775 360 910 397 thesis
942 360 1005 406 18)
1039 361 1120 409 „De
1151 360 1231 399 fide
1262 363 1491 401 infantium
1521 365 1834 404 foederatorum
1865 367 1978 405 idem

64 426 288 463 dicendum
333 426 442 472 quod
486 426 535 463 de
578 426 767 472 ipsorum
811 426 995 472 ratione;
1037 427 1216 473 utraque
1262 428 1373 466 inest
1417 429 1520 475 ipsis
1563 432 1660 468 actu
1702 432 1850 479 primo,
1895 443 1979 470 non

64 490 269 537 secundo;
300 491 342 528 in
373 491 578 538 semente,
610 500 693 527 non
722 490 763 527 in
794 500 958 536 messe;
989 491 1031 528 in
1061 491 1213 540 radice,
1244 503 1328 530 non
1358 493 1400 530 in
1427 494 1587 541 fructu;
1610 496 1777 533 interna
1798 497 1978 544 Spiritus

61 556 237 604 actione,
268 566 351 593 non
382 558 560 593 externa
590 555 727 602 operis
757 555 1155 594 demonstratione.⁷'

112 620 345 670 Heydeyyer
375 623 410 666 (ξ
440 622 525 666 55):
561 620 765 668 „Spiritus
796 620 978 658 Sanctus
1009 621 1225 669 applicans
1255 624 1306 660 iis
1336 625 1805 664 immediatemeritum
1823 627 1977 666 Christi

59 684 155 724 fidei
193 687 328 724 vicem
358 686 527 733 supplet
557 687 599 723 et
626 685 835 732 paulatim
864 684 992 723 fidem
1023 687 1066 723 in
1095 686 1147 724 iis
1177 690 1397 736 operatur,
1430 700 1583 728 arcana
1614 694 1758 729 autem
1790 693 1863 730 illa
1893 694 1977 741 Spi-

60 752 170 789 ritus
201 752 344 789 Sancti
374 752 559 799 operatio
591 752 668 799 est,
701 751 821 798 cujus
850 751 1003 789 modus
1034 754 1147 790 certo
1179 752 1354 791 definire
1385 765 1469 792 non
1499 755 1633 794 licet.’⁷

111 817 221 855 Deze
253 819 447 855 vertoont
477 817 622 864 eenige
652 816 880 865 asvvijking,
911 817 966 855 nl.
999 817 1071 855 dat
1101 818 1150 855 de
1180 819 1346 866 Heilige
1366 820 1592 859 Geestiets
1613 832 1690 860 zou
1713 823 1975 872 suppleeren,

59 884 148 920 wat
177 893 281 920 voor
311 883 360 920 de
389 881 495 920 fides
525 882 705 920 actualis
735 882 777 920 in
808 882 856 920 de
886 882 1025 929 plaats
1055 883 1187 922 komt.

111 947 171 996 Bij
215 948 484 986 Turrettinus
528 949 564 985 is
607 947 666 985 dit
711 957 788 985 een
823 947 1090 997 bedenkelijk
1120 950 1410 999 verschijnsel,
1443 951 1515 989 dat
1544 953 1598 1001 hij
1631 953 1680 990 de
1710 952 1814 991 fides
1845 964 1896 992 en
1927 955 1976 992 de

58 1014 166 1051 ratio
195 1013 437 1062 gelijkstelt.
468 1014 526 1051 De
556 1013 664 1051 ratio
694 1013 730 1050 is
760 1013 873 1050 ieder
903 1013 1004 1051 kind
1035 1014 1167 1063 eigen,
1200 1015 1249 1052 de
1279 1014 1384 1053 fides
1414 1017 1514 1054 niet.

56 1103 58 1105 »
111 1077 157 1115 L.
192 1077 413 1116 Trclcatius
445 1081 537 1123 (een
566 1088 651 1115 van
682 1078 731 1115 de
762 1080 899 1116 eerste
930 1079 1135 1117 Leidsclre
1151 1080 1431 1130 professoren,
1451 1083 1586 1120 Wiens
1602 1083 1700 1121 Loci
1718 1083 1977 1121 Communes

60 1143 159 1180 door
189 1144 270 1191 zijn
299 1153 404 1181 zoon
434 1144 688 1190 uitgegeven
712 1144 813 1195 zijn)
843 1153 936 1190 pag.
970 1144 1065 1182 169:
1100 1145 1270 1192 „Fidem
1301 1146 1459 1184 habent
1488 1147 1675 1186 infantes
1705 1148 1747 1186 in
1768 1150 1973 1197 semente,

58 1218 142 1246 non
170 1208 214 1245 in
243 1208 420 1246 messe.''
454 1209 564 1246 Deze
593 1208 870 1255 uitdrukking
899 1209 1016 1246 werd
1045 1209 1153 1247 later
1183 1211 1293 1248 vaak
1324 1221 1649 1259 overgenomen.

120 1273 310 1311 Walaeas
340 1274 426 1321 (Op.
459 1275 579 1312 Omn.
611 1274 640 1321 I,
672 1284 708 1321 p.
739 1273 831 1319 493)
867 1274 1080 1322 „Dicimus
1110 1275 1237 1322 igitur
1268 1276 1455 1315 infantes
1486 1279 1721 1316 censendos
1753 1289 1847 1317 esse
1866 1280 1976 1317 inter

63 1339 294 1386 credentes,
326 1339 424 1385 quia
453 1349 602 1377 semen
631 1349 706 1376 seu
737 1339 911 1386 spiritus
940 1338 1037 1377 fidei
1066 1341 1109 1377 in
1138 1341 1191 1378 iis
1221 1341 1342 1380 inest.

115 1404 254 1452 Altefny
296 1404 581 1449 (Problemata
623 1404 875 1451 Theologica
917 1405 978 1442 Dl.
1023 1406 1053 1453 Ι,
1089 1416 1182 1452 pag.
1216 1407 1304 1451 100)
1345 1407 1563 1455 „Infantes
1596 1408 1787 1447 fidelium
1818 1410 1977 1448 habent

63 1479 211 1506 semen
241 1469 410 1516 aliquod
437 1468 546 1517 fidei,
577 1469 687 1516 quod
717 1470 948 1507 maturiore
970 1472 1110 1508 aetate
1132 1471 1221 1509 exit
1242 1471 1284 1509 in
1307 1474 1463 1521 actum,
1488 1474 1714 1512 accedente
1736 1475 1837 1513 foris
1858 1476 1974 1513 insti-

65 1526 232 1572 tutione
262 1534 462 1583 humana,
492 1535 609 1572 intus
636 1535 813 1572 maiiore
845 1534 1033 1573 efficacia
1064 1536 1244 1583 Spiritus
1276 1537 1454 1576 Sancti.'⁷
1848 1548 1852 1553 ·

125 1599 280 1638 Vectius
312 1600 377 1645 (de
407 1600 742 1647 Regeneratione
773 1601 815 1638 et
836 1601 885 1638 de
907 1602 1023 1639 statu
1041 1601 1274 1640 electorum
1292 1605 1391 1641 ante
1409 1606 1744 1653 conversionem,
1763 1616 1855 1653 pag.
1876 1607 1972 1653 254)

62 1664 224 1712 „placet
252 1665 390 1712 opinio
421 1666 626 1703 auctoris:
657 1665 767 1712 quod
797 1667 949 1704 statuit
978 1667 1020 1703 in
1050 1667 1286 1705 infantibus
1317 1669 1465 1707 electis
1495 1671 1538 1707 et
1567 1670 1795 1709 foederatis
1830 1671 1973 1710 locum

59 1731 214 1769 habere
245 1732 426 1779 Spiritus
458 1732 601 1770 Sancti
630 1733 996 1779 regenerationem
1021 1733 1243 1781 initialem,
1262 1744 1336 1781 per
1352 1745 1481 1781 quam
1497 1737 1750 1783 principium
1768 1738 1809 1774 et
1826 1748 1975 1775 semen

59 1797 239 1836 actualis
270 1798 558 1835 conversionis
588 1808 663 1835 seu
692 1798 980 1835 renovationis
1011 1808 1088 1836 suo
1118 1800 1309 1846 tempore
1327 1802 1839 1849 secuturaeimprimitur.
1859 1803 1974 1851 Quod

60 1864 205 1901 autem
247 1863 614 1910 regenerationem
656 1863 774 1910 ponit
815 1864 911 1910 post
956 1863 1231 1912 baptismum,
1268 1865 1482 1913 improbo;
1513 1868 1614 1904 nota
1645 1869 1710 1905 est
1740 1868 1854 1905 enim
1885 1879 1974 1905 sen-

0 1924 5 1928 *
58 1919 195 1966 tentia
235 1928 528 1975 theologorum
571 1927 911 1975 reformatorum,
957 1928 1007 1966 de
1051 1927 1240 1967 efficacia
1282 1929 1486 1977 baptismi
1523 1942 1606 1969 non
1635 1932 1678 1970 in
1708 1933 1975 1980 producenda

58 1994 389 2042 regeneratione,
434 1993 508 2031 sed
550 1993 593 2030 in
625 1993 712 2030 iam
747 1993 951 2040 producta
980 1993 1277 2041 obsignanda.’²
1315 1996 1431 2043 „Non
1461 1998 1527 2034 est
1556 1998 1665 2035 actio
1695 2008 1772 2035 nec
1802 1998 1973 2036 habitus

10 2056 14 2060 ”
59 2061 223 2108 proprie
252 2060 313 2097 sic
343 2059 491 2106 dictus,
523 2059 593 2105 qui
622 2059 795 2096 inclinet
826 2060 867 2096 et
897 2059 1075 2097 facilitet
1104 2061 1340 2106 potentiam
1362 2062 1436 2099 sed
1453 2063 1593 2108 potius
1610 2063 1771 2111 relatio,
1790 2064 1974 2110 qualitas

61 2136 137 2163 seu
180 2124 362 2163 facultas
405 2123 638 2171 spiritualis
680 2125 723 2161 in
767 2126 911 2162 mente
942 2126 983 2162 et
1013 2125 1247 2174 voluntate,
1280 2136 1333 2163 ex
1365 2137 1447 2173 qua
1476 2128 1698 2174 tamquam
1757 2139 1778 2166 e
1810 2129 1973 2166 semine

60 2191 243 2237 quodam
273 2190 461 2237 potentia
490 2189 714 2237 materiali,
745 2190 793 2227 ut
822 2189 881 2227 ita
909 2189 1068 2238 loquar,
1113 2191 1304 2229 actuales
1326 2192 1625 2239 dispositiones
1648 2196 1689 2231 et
1710 2194 1881 2231 habitus
1902 2205 1974 2241 por

12 2248 15 2252 ’
59 2256 316 2303 impressam
346 2255 526 2303 Spiritus
556 2255 700 2293 Sancti
729 2255 1019 2302 operationem
1049 2266 1125 2294 suo
1155 2258 1346 2304 tempore
1376 2259 1674 2298 suscitantur.’⁷

114 2320 355 2368 Maestriclzt,
400 2320 464 2365 (de
506 2320 726 2367 Baptismo
773 2322 795 2366 ἓ
837 2321 901 2366 25)
936 2321 1207 2368 „Baptismus
1236 2324 1514 2370 praerequirit
1542 2325 1585 2362 in
1616 2325 1772 2363 adultis
1802 2327 1970 2372 quidem

60 2384 187 2423 fidem
218 2385 443 2433 actualem,
474 2386 517 2422 in
546 2385 781 2423 infantibus
811 2387 956 2423 autem
986 2385 1067 2423 fide
1098 2387 1296 2426 seminali
1327 2391 1564 2437 contentus,
1597 2401 1680 2428 non
1699 2392 1839 2438 magis
1861 2392 1973 2429 actu-

61 2450 174 2488 alem
203 2451 389 2499 requirit,
422 2460 551 2497 quam
580 2450 881 2488 circumcisio.''

117 2515 393 2563 Oloppenbury
423 2515 773 2560 (Exercitationes
802 2515 1089 2564 Theologicae,
1120 2517 1182 2555 Dl.
1214 2518 1243 2565 I,
1274 2528 1311 2565 p.
1346 2519 1474 2564 1097).

118 2579 316 2628 ‚‚Sufficit,
359 2582 406 2618 ut
447 2581 503 2617 sit
544 2581 587 2617 in
630 2580 842 2627 baptismo
872 2591 940 2618 res
970 2580 1224 2629 significata3
1256 2583 1485 2621 infantium
1517 2594 1540 2622 a
1570 2585 1653 2623 Deo
1683 2586 1725 2623 in
1757 2586 1972 2624 Christum

60 2645 215 2694 insitio,
260 2647 302 2682 et
345 2646 587 2683 communio
630 2645 809 2692 Spiritus
853 2645 1007 2693 Sancti,
1040 2656 1111 2683 eos
1146 2648 1425 2686 custodientis
1456 2649 1508 2686 ad
1539 2648 1804 2688 efficiendam
1835 2652 1878 2688 in
1908 2652 1972 2699 iis,

60 2711 131 2749 ubi
174 2711 462 2758 adoleverunt,
506 2709 634 2748 fidem
676 2709 1019 2749 salvificam...”
1066 2712 1351 2759 „Opponimus
1386 2714 1570 2752 infantes
1600 2714 1789 2753 fidelium
1820 2726 1974 2755 arcana

60 2769 308 2813 immediate
338 2775 578 2822 operatione
609 2775 789 2822 Spiritus
820 2775 962 2813 Sancti
992 2775 1121 2813 inseri
1152 2776 1328 2826 Christo,
1361 2778 1492 2816 donec
1523 2780 1589 2817 vel
1620 2780 1662 2817 in
1692 2781 1770 2818 hac
1800 2782 1889 2819 vita
1906 2782 1973 2819 vel

0 2843 11 2881 5
60 2842 104 2879 in
132 2842 283 2879 mortis
313 2840 488 2878 articulo
517 2840 724 2878 infantilis
754 2842 873 2878 aetas
903 2841 1082 2888 accipiat
1110 2840 1239 2880 finem
1271 2845 1317 2880 ut
1347 2843 1414 2881 vel
1444 2844 1511 2882 hic
1540 2845 1583 2882 in
1609 2855 1744 2894 carne,
1768 2846 1835 2884 vel
1856 2848 1975 2885 exuti
